@online{cppreference,
  title     = {C++ Reference},
  year      = {2024},
  url       = {https://en.cppreference.com/w/},
  note      = {Accessed: 2024-06-12}
}

@online{cplusplus,
  title     = {cplusplus.com},
  year      = {2024},
  url       = {https://www.cplusplus.com/},
  note      = {Accessed: 2024-06-12}
}

@online{latexproject,
  title     = {The \LaTeX\ Project},
  year      = {2024},
  url       = {https://www.latex-project.org/},
  note      = {Accessed: 2024-06-12}
}